<?xml version="1.0" encoding="UTF-8"?>
<collection xmlns:xsi="http://www.w3.org/2001/XMLSchema-instance" xsi:schemaLocation="http://www.loc.gov/MARC21/slim http://www.loc.gov/standards/marcxml/schema/MARC21slim.xsd" xmlns="http://www.loc.gov/MARC21/slim">
<record>
  <leader>01013cam a2200301   4500</leader>
  <controlfield tag="001">3063371</controlfield>
  <controlfield tag="003">NNC</controlfield>
  <controlfield tag="005">20130426014932.0</controlfield>
  <controlfield tag="008">890925s1946    ua            000 0 araod</controlfield>
  <datafield tag="035" ind1=" " ind2=" ">
    <subfield code="a">(OCoLC)ocm23486208</subfield>
  </datafield>
  <datafield tag="035" ind1=" " ind2=" ">
    <subfield code="9">ATN5173CU</subfield>
  </datafield>
  <datafield tag="035" ind1=" " ind2=" ">
    <subfield code="a">(NNC)3063371</subfield>
  </datafield>
  <datafield tag="040" ind1=" " ind2=" ">
    <subfield code="a">EYM</subfield>
    <subfield code="c">EYM</subfield>
    <subfield code="d">CGU</subfield>
    <subfield code="d">ZCU</subfield>
  </datafield>
  <datafield tag="041" ind1="1" ind2=" ">
    <subfield code="a">ara</subfield>
    <subfield code="h">fre</subfield>
  </datafield>
  <datafield tag="050" ind1=" " ind2="4">
    <subfield code="a">BP 189</subfield>
    <subfield code="b">.B13 1946</subfield>
  </datafield>
  <datafield tag="099" ind1=" " ind2=" ">
    <subfield code="a">893.7991</subfield>
    <subfield code="a">B1435</subfield>
  </datafield>
  <datafield tag="100" ind1="1" ind2=" ">
    <subfield code="a">Badawī, ʻAbd al-Raḥmān,</subfield>
    <subfield code="e">compiler,</subfield>
    <subfield code="e">translator.</subfield>
  </datafield>
  <datafield tag="245" ind1="1" ind2="0">
    <subfield code="a">Shakhṣīyāt qaliqah fī al-Islām :</subfield>
    <subfield code="b">dirāsāt /</subfield>
    <subfield code="c">allafa baynaha ʻAbd al-Raḥmān Badawī.</subfield>
  </datafield>
  <datafield tag="260" ind1=" " ind2=" ">
    <subfield code="a">al-Qāhirah :</subfield>
    <subfield code="b">Maktabat al-Nahḍah al-Miṣrīyah,</subfield>
    <subfield code="c">1946.</subfield>
  </datafield>
  <datafield tag="300" ind1=" " ind2=" ">
    <subfield code="a">8, 163 p.</subfield>
    <subfield code="c">25 cm.</subfield>
  </datafield>
  <datafield tag="490" ind1="1" ind2=" ">
    <subfield code="a">Dirāsāt Islāmīyah ;</subfield>
    <subfield code="v">3</subfield>
  </datafield>
  <datafield tag="500" ind1=" " ind2=" ">
    <subfield code="a">Articles by Louis Massignon, Henry Corbin and Yahya al-Suhrawardi.</subfield>
  </datafield>
  <datafield tag="504" ind1=" " ind2=" ">
    <subfield code="a">Bibliographical footnotes.</subfield>
  </datafield>
  <datafield tag="650" ind1=" " ind2="0">
    <subfield code="a">Sufism.</subfield>
  </datafield>
  <datafield tag="700" ind1="1" ind2=" ">
    <subfield code="a">Massignon, Louis,</subfield>
    <subfield code="d">1883-1962.</subfield>
  </datafield>
  <datafield tag="700" ind1="1" ind2=" ">
    <subfield code="a">Corbin, Henry.</subfield>
  </datafield>
  <datafield tag="830" ind1=" " ind2="0">
    <subfield code="a">Dirāsāt Islāmīyah ;</subfield>
    <subfield code="v">3.</subfield>
  </datafield>
  <datafield tag="955" ind1=" " ind2=" ">
    <subfield code="b">CU58847260</subfield>
    <subfield code="d">off,glx</subfield>
    <subfield code="e">893.7991 B1435</subfield>
  </datafield>
</record>
</collection>